@inproceedings{ilm,
  title={Efficient k-anonymization using clustering techniques},
  author={Byun, Ji-Won and Kamra, Ashish and Bertino, Elisa and Li, Ninghui},
  booktitle={International Conference on Database Systems for Advanced Applications},
  pages={188--200},
  year={2007},
  organization={Springer}
}

@misc{google2020anonymizing,
    title={How Google Anonymizes Data},
    author={Google},
    url={https://policies.google.com/technologies/anonymization},
    accessed={May 18, 2020}
}

@incollection{autosklearn,
   title = {Efficient and Robust Automated Machine Learning},
   author = {Feurer, Matthias and Klein, Aaron and Eggensperger, Katharina and
             Springenberg, Jost and Blum, Manuel and Hutter, Frank},
   booktitle = {Advances in Neural Information Processing Systems 28},
   editor = {C. Cortes and N. D. Lawrence and D. D. Lee and M. Sugiyama and R. Garnett},
   pages = {2962--2970},
   year = {2015},
   publisher = {Curran Associates, Inc.},
   url = {http://papers.nips.cc/paper/5872-efficient-and-robust-automated-machine-learning.pdf}
}


@misc{gdpr_basic,
    title={What is GDPR, the EU’s new data protection law?},
    author={Ben Wolford},
    url={https://gdpr.eu/what-is-gdpr/},
    accessed={June 9, 2020}
}

@misc{recital26,
    title={Recital 26- EU GDPR},
    author={},
    url={https://www.privacy-regulation.eu/en/r26.htm},
    accessed={June 9, 2020}
}

@inproceedings{tcloseness,
  title={t-closeness: Privacy beyond k-anonymity and l-diversity},
  author={Li, Ninghui and Li, Tiancheng and Venkatasubramanian, Suresh},
  booktitle={2007 IEEE 23rd International Conference on Data Engineering},
  pages={106--115},
  year={2007},
  organization={IEEE}
}

@article{kanon_orig ,
author = {Latanya Sweeney},
title = {k-Anonymity:A Model for Protecting Privacy},
journal = {International Journal on Uncertainty},
volume = {10},
year = {2002},
number = {5},
pages = {557--570}
}

@inproceedings{meyerson2004complexity,
  title={On the complexity of optimal k-anonymity},
  author={Meyerson, Adam and Williams, Ryan},
  booktitle={Proceedings of the twenty-third ACM SIGMOD-SIGACT-SIGART symposium on Principles of database systems},
  pages={223--228},
  year={2004},
  organization={ACM}
}

@article{sweeney_uniqueness,
  title={Uniqueness of simple demographics in the US population},
  author={Sweeney, Latanya},
  journal={LIDAP-WP4, 2000},
  year={2000}
}

@inproceedings{mondrian,
  title={Mondrian multidimensional k-anonymity.},
  author={LeFevre, Kristen and DeWitt, David J and Ramakrishnan, Raghu and others}
}

@inproceedings{ambiguity_metric,
  title={Efficient anonymizations with enhanced utility},
  author={Goldberger, Jacob and Tassa, Tamir},
  booktitle={2009 IEEE International Conference on Data Mining Workshops},
  pages={106--113},
  year={2009},
  organization={IEEE}
}

@inproceedings{incognito,
  title={Incognito: Efficient full-domain k-anonymity},
  author={LeFevre, Kristen and DeWitt, David J and Ramakrishnan, Raghu},
  booktitle={Proceedings of the 2005 ACM SIGMOD international conference on Management of data},
  pages={49--60},
  year={2005}
}

@article{ola_algo,
    author = {El Emam, Khaled and Dankar, Fida Kamal and Issa, Romeo and Jonker, Elizabeth and Amyot, Daniel and Cogo, Elise and Corriveau, Jean-Pierre and Walker, Mark and Chowdhury, Sadrul and Vaillancourt, Regis and Roffey, Tyson and Bottomley, Jim},
    title = "{A Globally Optimal k-Anonymity Method for the De-Identification of Health Data}",
    journal = {Journal of the American Medical Informatics Association},
    volume = {16},
    number = {5},
    pages = {670-682},
    year = {2009},
    month = {09},
    issn = {1067-5027},
    doi = {10.1197/jamia.M3144},
    url = {https://doi.org/10.1197/jamia.M3144},
    eprint = {https://academic.oup.com/jamia/article-pdf/16/5/670/21736049/jamia.m3144.pdf},
}



@article{distance_metrics,
  title={Protecting privacy when disclosing information: k-anonymity and its enforcement through generalization and suppression},
  author={Samarati, Pierangela and Sweeney, Latanya},
  year={1998},
  publisher={technical report, SRI International}
}

@article{rocher_estimating_reid,
  title={Estimating the success of re-identifications in incomplete datasets using generative models},
  author={Rocher, Luc and Hendrickx, Julien M and De Montjoye, Yves-Alexandre},
  journal={Nature communications},
  volume={10},
  number={1},
  pages={1--9},
  year={2019},
  publisher={Nature Publishing Group}
}

@book{hellinger&biv,
    title={Practical Synthetic Data Generation},
    author={Khaled El Emam, Lucy Mosquera, Richard Hoptroff},
    year={2020},
    publisher={O'Reilly Media},
    isbn={9781492072744}
}

@misc{utd_toolbox,
title = {{UTD Anonymization ToolBox}},
  note  = "\url{http://cs.utdallas.edu/dspl/cgi-bin/toolbox/}",
}


@article{systematic_comparisons_eval,
  title={A systematic comparison and evaluation of k-anonymization algorithms for practitioners},
  author={Ayala-Rivera, Vanessa and McDonagh, Patrick and Cerqueus, Thomas and Murphy, Liam and others},
  journal={Transactions on data privacy},
  volume={7},
  number={3},
  pages={337--370},
  year={2014},
  publisher={Transactions on Data Privacy}
}

@misc{heart_dataset,
author = "Naveen",
year = "2019",
title = "Logistic Regression - Heart Disease Prediction",
url = "https://www.kaggle.com/naveengowda16/logistic-regression-heart-disease-prediction/version/1",
}

@inproceedings{adult_dataset,
  title={Scaling up the accuracy of naive-bayes classifiers: A decision-tree hybrid.},
  author={Kohavi, Ron}
}

@article{birth_dataset,
  title={Determinants of contraceptive method choice in an industrial city of India.},
  author={Bhende, Asha A and Choe, Minja Kim and Rele, JR and Palmore, James A},
  journal={Asia-Pacific Population Journal},
  volume={6},
  number={3},
  pages={41},
  year={1991}
}

@techreport{ringnorm_dataset,
  title={Bias, variance, and arcing classifiers},
  author={Breiman, Leo},
  year={1996}
}
@article{kanon_algos,
author = {Latanya Sweeney},
title = {Achieving k-Anonymity Privacy Protection Using Generalization and Suppression},
journal = {International Journal on Uncertainty},
volume = {10},
year = {2002},
number = {5},
pages = {571--588}
}

@inproceedings{arx,
  title={Arx-a comprehensive tool for anonymizing biomedical data},
  author={Prasser, Fabian and Kohlmayer, Florian and Lautenschlaeger, Ronald and Kuhn, Klaus A},
  booktitle={AMIA Annual Symposium Proceedings},
  volume={2014},
  pages={984},
  year={2014},
  organization={American Medical Informatics Association}
}

@INPROCEEDINGS{discern_metric,
  author={R. J. {Bayardo} and  {Rakesh Agrawal}},
  booktitle={21st International Conference on Data Engineering (ICDE'05)}, 
  title={Data privacy through optimal k-anonymization}, 
  year={2005},
  volume={},
  number={},
  pages={217-228},}

@article{guardian_data,
 author  = {Pilkington, Ed},
 date    = {2019-11-12},
 title   = {Google's secret cache of medical data includes names and full details of millions – whistleblower},
 journal = {The Guardian},
 url     = {https://www.theguardian.com/technology/2019/nov/12/google-medical-data-project-nightingale-secret-transfer-us-health-information},
 urldate = {2020-01-23}
}

@article{data_stats,
 author  = {Martin, Nicole},
 date    = {2019-08-07},
 title   = {How Much Data Is Collected Every Minute Of The Day},
 journal = {Forbes},
 url     = {https://www.forbes.com/sites/nicolemartin1/2019/08/07/how-much-data-is-collected-every-minute-of-the-day/#3da990e03d66},
 urldate = {2020-01-23}
}

@inproceedings{sweeney_datafly,
  title={Guaranteeing anonymity when sharing medical data, the Datafly System.},
  author={Sweeney, Latanya},
  booktitle={Proceedings of the AMIA Annual Fall Symposium},
  pages={51},
  year={1997},
  organization={American Medical Informatics Association}
}


@inproceedings{entropy_measure,
  title={k-Anonymization with minimal loss of information},
  author={Gionis, Aristides and Tassa, Tamir},
  booktitle={European Symposium on Algorithms},
  pages={439--450},
  year={2007},
  organization={Springer}
}

@article{dse_metric,
  title={t-closeness through microaggregation: Strict privacy with enhanced utility preservation},
  author={Soria-Comas, Jordi and Domingo-Ferrer, Josep and Sanchez, David and Martinez, Sergio},
  journal={IEEE Transactions on Knowledge and Data Engineering},
  volume={27},
  number={11},
  pages={3098--3110},
  year={2015},
  publisher={IEEE}
}

@inproceedings{cm_granularity_metric,
  title={Transforming data to satisfy privacy constraints},
  author={Iyengar, Vijay S},
  booktitle={Proceedings of the eighth ACM SIGKDD international conference on Knowledge discovery and data mining},
  pages={279--288},
  year={2002}
}

@article{shannon_entropy,
  title={A mathematical theory of communication},
  author={Shannon, Claude Elwood},
  journal={ACM SIGMOBILE mobile computing and communications review},
  volume={5},
  number={1},
  pages={3--55},
  year={2001},
  publisher={ACM New York, NY, USA}
}

@article{ldiversity,
  title={l-diversity: Privacy beyond k-anonymity},
  author={Machanavajjhala, Ashwin and Kifer, Daniel and Gehrke, Johannes and Venkitasubramaniam, Muthuramakrishnan},
  journal={ACM Transactions on Knowledge Discovery from Data (TKDD)},
  volume={1},
  number={1},
  pages={3--es},
  year={2007},
  publisher={ACM New York, NY, USA}
}

@ARTICLE{samarati_algo,
  author={P. {Samarati}},
  journal={IEEE Transactions on Knowledge and Data Engineering}, 
  title={Protecting respondents identities in microdata release}, 
  year={2001},
  volume={13},
  number={6},
  pages={1010-1027},}

@inproceedings{critique_kanon,
  title={A critique of k-anonymity and some of its enhancements},
  author={Domingo-Ferrer, Josep and Torra, Vicen{\c{c}}},
  booktitle={2008 Third International Conference on Availability, Reliability and Security},
  pages={990--993},
  year={2008},
  organization={IEEE}
}
@article{small_set_problem,
  title={Protecting privacy using k-anonymity},
  author={El Emam, Khaled and Dankar, Fida Kamal},
  journal={Journal of the American Medical Informatics Association},
  volume={15},
  number={5},
  pages={627--637},
  year={2008},
  publisher={BMJ Group BMA House, Tavistock Square, London, WC1H 9JR}
}